@COMMENT(Books)

@Misc{Barrio01,
	author = "Victor Moya del Barrio",
	howpublished = "Master's thesis",
	title  = "Study of the {T}echniques for {E}mulation {P}rogramming",
	publisher = "Universitat Politècnica de Catalunya, Barcelona",
	year = 2001,
}
@Book{Schreiner94,
	author = "Axel-Tobias Schreiner",
	title = "Object-{O}riented {P}rogramming With {ANSI-C}",
	publisher = "Hanser Fachbuch, Germany",
	year = 1994,
}
@Book{Guinness08,
	title = "Guinness {W}orld {R}ecords {G}amer's {E}dition 2008",
	publisher = "Guinness World Records Limited",
	isbn = "978-1904994206",
	year = 2008,
}
@Book{Knuth97,
	title = "Art of {C}omputer {P}rogramming, {V}olume 1: {F}undamental {A}lgorithms",
	publisher = "Addison Wesley",
	isbn = "0201896834",
	edition = "3rd",
	author = "Donald Ervin Knuth",
	year = 1997,
}
@Book{Raymond04,
	title = "Umění programování v {UNIX}u",
	publisher = "Computer Press",
	author = "Eric Steven Raymond",
	year = 2004,
	isbn = "80-251-0225-4",
}
@Book{LaMothe05,
	author = "Andre LaMothe",
	title = "The {B}lack {A}rt of {V}ideo {G}ame {C}onsole {D}esign",
	publisher = "Sams",
	year = 2005,
	isbn = "0-672-32820-8",
	edition = "1st",
}
@Book{BartonLoguidice09,
	author = {Matt Barton, Bill Loguidice},
	title = {Vintage Games: An Insider Look at the History of Grand Theft Auto,
		Super Mario, and the Most Influential Games of All Time},
	publisher = {Focal Press},
	year = 2009,
	isbn = "0240811461",
}
@Book{Vit02,
	author = {Vladimír Vít},
	title = {Televizní technika 3A - přenosové barevné soustavy},
	publisher = {BEN - Technická literatura},
	year = 2002,
	isbn = "80-86056-04-X",
}
@Book{Booch94,
	author = {Grady Booch},
	title = {Object Oriented Analysis and Design},
	publisher = {The Benjamin Cummings Publishing},
	year = 1994,
}
@Book{Baer05,
	author = "Ralph Baer",
	title = {Videogames: In the Beginning},
	publisher = "Rolenta Press",
	year = 2005,
	isbn = 0964384817,
}

@COMMENT(Documents)

@Misc{Ormston06,
	author = "Mark Ormston",
	title = "65xx {P}rocessor {D}ata",
	note = "\\ \url{http://www.romhacking.net/docs/65xx-Processor-Data.zip}",
	howpublished = {[online]},
	year = 2006,
}
@Misc{Boris99,
	author = "Daniel Boris",
	title = "How {D}o {I} {W}rite an {E}mulator?",
	note = "\\ \url{http://www.atarihq.com/danb/files/emu_vol1.txt}",
	howpublished = {[online]},
	year = 1999,
}
@Misc{MacDonald02,
	author = "Charles MacDonald",
	title = "{TurboGrafx-16 H}ardware {N}otes",
	howpublished = {[online]},
	note = "\\ \url{http://cgfm2.emuviews.com/txt/pcetech.txt}",
	year = 2002,
}
@Misc{Schleussinger98,
	author = "Emanuel Schleussinger",
	title = "{PC-E}ngine {V}ideo {D}isplay {C}ontroller {D}ocumentation",
	note = "\\ \url{http://www.classicgaming.com/aec/}",
	howpublished = {[online]},
	year = 1998,
}
@Misc{Clifford,
	author = "Paul Clifford",
	title = "{PC Engine P}rogrammable {S}ound {G}enerator",
	howpublished = {[online]},
	note = "\\ \url{http://www.magicengine.com/mkit/doc_hard_psg.html}",
}
@Misc{Woodford94,
	author = "David Woodford",
	title = {PCE/TG Resources Mini-FAQ},
	year = 1994,
	howpublished = {[online]},
	note = "\\ \url{http://www-personal.umich.edu/~dfw/hackfaq}",
}

@COMMENT(Websites)

@Misc{wwwWikiConsole,
	key = "web:Console",
	title = {Video game console, from Wikipedia, the free encyclopedia},
	note = "\\ \url{http://en.wikipedia.org/wiki/Video_game_console}",
	howpublished = {[online]},
}
@Misc{wwwClassicGaming,
	key = "web:ClassicGaming",
	title = "{C}lassic{G}aming {M}useum",
	note = "\\ \url{http://classicgaming.gamespy.com/View.php?view=ConsoleMuseum.Detail&id=32}",
	howpublished = {[online]},
}
@Misc{www65c02,
	key = "web:65c02",
	title = "65c02 processor reference pages",
	howpublished = {[online]},
	note = "\\ \url{http://www.obelisk.demon.co.uk/65C02/}",
}
@Misc{wwwWikiTurboGrafx,
	key = "web:WikiTurboGrafx",
	title = "Turbo{G}rafx-16, from {W}ikipedia, the free encyclopedia",
	howpublished = {[online]},
	note = "\\ \url{http://en.wikipedia.org/wiki/TurboGrafx-16}",
}
@Misc{wwwWikiSprite,
	key = "web:WikiSprite",
	title = "Sprite (computer graphics), from {W}ikipedia, the free encyclopedia",
	howpublished = {[online]},
	note = "\\ \url{http://en.wikipedia.org/wiki/Sprite_%28computer_graphics%29}",
}
@Misc{wwwCMake,
	key = "web:CMake",
	title = "Kitware {CM}ake",
	howpublished = {[online]},
	note = "\\ \url{http://www.cmake.org/}",
}
@Misc{wwwlibSDL,
	key = "web:libSDL",
	title = "{SDL} library",
	howpublished = {[online]},
	note = "\\ \url{http://www.libsdl.org/}",
}
@Misc{wwwM6502,
	key = "web:M6502",
	title = "{M}6502",
	howpublished = {[online]},
	note = "\\ \url{http://fms.komkon.org/EMUL8/}",
}
@Misc{wwwMagicKit,
	key = "web:MagicKit",
	title = "{M}agic{K}it assembler",
	howpublished = {[online]},
	note = "\\ \url{http://www.magicengine.com/mkit/}",
}
@Misc{wwwCFuncPointer,
	key = "web:CFuncPointer",
	title = "{C, C++ F}unction {P}ointer",
	howpublished = {[online]},
	note = "\\ \url{http://newty.de/fpt/index.html}",
}
@Misc{wwwPceCP,
	key = "web:PceCP",
	title = "{PCE C}atalog {P}roject",
	howpublished = {[online]},
	note = "\\ \url{http://pcecp.com/}",
}
@Misc{wwwDoxygen,
	key = "web:Doxygen",
	title = "{Doxygen - Source code documentation generator tool}",
	howpublished = {[online]},
	note = "\\ \url{http://www.stack.nl/~dimitri/doxygen/}",
}
@Misc{wwwGDB,
	key = "web:gdb",
	title = "{GDB - The GNU Project Debbuger}",
	howpublished = {[online]},
	note = "\\ \url{http://www.gnu.org/software/gdb/}",
}
@Misc{wwwGCC,
	key = "web:gcc",
	title = "{GCC - The GNU Compiler Collection}",
	howpublished = {[online]},
	note = "\\ \url{http://gcc.gnu.org/}",
}
@Misc{wwwDevkitPro,
	key = "web:devkitpro",
	title = "{devkitPro}",
	howpublished = {[online]},
	note = "\\ \url{http://www.devkitpro.org/}",
}
@Misc{wwwOpenGL,
	key = "web:opengl",
	title = "{OpenGL - The Industry's Foundation for High Performance Graphics}",
	howpublished = {[online]},
	note = "\\ \url{http://www.opengl.org/}",
}

@COMMENT(Existing solutions links).

@Misc{wwwMagicEngine,
	key = "web:MagicEngine",
	title = "{M}agic{E}ngine",
	howpublished = {[online]},
	note =  "\\ \url{http://www.magicengine.com/}",
}
@Misc{wwwOotake,
	key = "web:Ootake",
	title = "{O}otake",
	howpublished = {[online]},
	note = "\\ \url{http://www.ouma.jp/ootake/}",
}
@Misc{wwwMednafen,
	key = "web:Mednafen",
	title = "{M}ednafen",
	howpublished = {[online]},
	note =  "\\ \url{http://mednafen.sourceforge.net/}",
}
@Misc{wwwEmulatorZone,
	key = "web:EmulatorZone",
	title = "{T}he {E}mulator {Z}one - {PC E}ngine {E}mulators",
	howpublished = {[online]},
	note =  "\\ \url{http://www.emulator-zone.com/doc.php/pcengine/}",
}
